<record><leader>00000cas a22000007a 4500</leader><controlfield tag="001">10266116</controlfield><controlfield tag="008">840105d18701910pauwr ne      0    0eng d</controlfield><datafield ind1=" " ind2=" " tag="010"><subfield code="a">sn 84026023 </subfield></datafield><datafield ind1=" " ind2=" " tag="040"><subfield code="a">NPU</subfield><subfield code="b">eng</subfield><subfield code="c">NPU</subfield><subfield code="d">NPT</subfield><subfield code="d">NPA</subfield><subfield code="d">NPX</subfield><subfield code="d">NPH</subfield><subfield code="d">OCLCQ</subfield></datafield><datafield ind1=" " ind2=" " tag="042"><subfield code="a">msc</subfield></datafield><datafield ind1="0" ind2="4" tag="245"><subfield code="a">The Mauch Chunk Democrat.</subfield></datafield><datafield ind1="3" ind2="0" tag="246"><subfield code="a">Democrat</subfield></datafield><datafield ind1=" " ind2=" " tag="260"><subfield code="a">Mauch Chunk [i.e. Jim Thorpe], Pa. :</subfield><subfield code="b">Joe Lynn,</subfield><subfield code="c">1870-1910.</subfield></datafield><datafield ind1=" " ind2=" " tag="300"><subfield code="a">41 v. ;</subfield><subfield code="c">69-71 cm.</subfield></datafield><datafield ind1=" " ind2=" " tag="310"><subfield code="a">Weekly</subfield></datafield><datafield ind1="0" ind2=" " tag="362"><subfield code="a">New ser. v. 4, no. 1 (Aug. 20, 1870)-new ser. v. 43, no. 38 (Aug. 27, 1910) = whole no. 1186-whole no. 3280.</subfield></datafield><datafield ind1=" " ind2=" " tag="500"><subfield code="a">Editor: Jos. Lynn, &lt;1876&gt;.</subfield></datafield><datafield ind1=" " ind2=" " tag="580"><subfield code="a">Absorbed: Carbon Democrat (Jim Thorpe, Pa. : 1871). Cf. Salisbury, R. Pa. newspapers.</subfield></datafield><datafield ind1=" " ind2=" " tag="580"><subfield code="a">Absorbed: Carbon County Democrat (Jim Thorpe, Pa.). Cf. Salisbury, R. Pa. newspapers.</subfield></datafield><datafield ind1=" " ind2=" " tag="752"><subfield code="a">United States</subfield><subfield code="b">Pennsylvania</subfield><subfield code="c">Carbon</subfield><subfield code="d">Jim Thorpe.</subfield></datafield><datafield ind1=" " ind2=" " tag="752"><subfield code="a">United States</subfield><subfield code="b">Pennsylvania</subfield><subfield code="c">Carbon</subfield><subfield code="d">Mauch Chunk.</subfield></datafield><datafield ind1="0" ind2="0" tag="780"><subfield code="t">Carbon Democrat (Jim Thorpe, Pa. : 1847)</subfield><subfield code="w">(DLC)sn 86063528</subfield></datafield><datafield ind1="1" ind2="5" tag="780"><subfield code="t">Carbon Democrat (Jim Thorpe, Pa. : 1871)</subfield><subfield code="g">1873</subfield><subfield code="w">(DLC)sn 84026022</subfield></datafield><datafield ind1="1" ind2="5" tag="780"><subfield code="t">Carbon County Democrat (Jim Thorpe, Pa. : 1878)</subfield><subfield code="g">1882</subfield><subfield code="w">(OCoLC)13964371</subfield></datafield><datafield ind1="1" ind2=" " tag="029"><subfield code="a">AU@</subfield><subfield code="b">000025839227</subfield></datafield></record>